%%%%%%%%%%%%%%%%%%%%%%%%%%%%%%%%%%%%%%%%%%%%%%%%%%%%%%%%%%
%                                                       CP LENGTH
%%%%%%%%%%%%%%%%%%%%%%%%%%%%%%%%%%%%%%%%%%%%%%%%%%%%%%%%%%

%%%%%%%%%%%%%%%%%%%%%%%%%%%%%%%%%%%%%%%%%%%%%%%%%%%%%%%%%%
@INPROCEEDINGS{Bat04, 
author={Batariere, M. and Baum, K. and Krauss, T.P.}, 
booktitle={Vehicular Technology Conference}, title={{Cyclic Prefix Length Analysis for 4G OFDM Systems}}, 
year={2004}, 
volume={1}, 
pages={543-547}, 
month={September},
keywords={4G mobile communication;OFDM modulation;channel capacity;channel estimation;intersymbol interference;noise;timing;1 to 3 mus;10 mus;20 MHz;3.7 GHz;4 to 5 mus;40 mus;4G OFDM systems;CP length;ICI;ISI;OFDM symbol length;SINR;channel capacity;channel profiles;channel rays;cyclic prefix interval;cyclic prefix length analysis;excessively long channels;guard interval;inter-carrier interference;inter-symbol interference;measured channels;orthogonal frequency division modulation;per-subcarrier signal-to-interference and noise ratio;representative symbol lengths;suburban environments;timing errors;urban environments;variance timing mismatch;Channel capacity;Frequency conversion;Frequency modulation;Intersymbol interference;Length measurement;OFDM modulation;Power measurement;Robustness;Signal to noise ratio;Timing}, 
doi={10.1109/VETECF.2004.1400066}, 
ISSN={1090-3038},}

%%%%%%%%%%%%%%%%%%%%%%%%%%%%%%%%%%%%%%%%%%%%%%%%%%%%%%%%%%
%                           MOTIVATION
%%%%%%%%%%%%%%%%%%%%%%%%%%%%%%%%%%%%%%%%%%%%%%%%%%%%%%%%%%
@INPROCEEDINGS{Zhu06, 
author={Zhu, W. and Daneshrad, B. and Bhatia, J. and Hun-Seok Kim and Liu, D. and Mohammed, K. and Prabhu, R. and Sasi, S. and Shah, A.}, 
booktitle={Military Communications Conference}, 
title={{MIMO Systems for Military Communications}}, 
year={2006}, 
pages={1-7}, 
month={October},
keywords={MIMO communication;interference suppression;military communication;LPD communication;MIMO system;interference mitigation technique;military communication;multiantenna technique;multiple input multiple output system;wireless data communications;Cyclic redundancy check;Data communication;Error analysis;Gallium nitride;Interference;MIMO;Military communication;Receiving antennas;Unmanned aerial vehicles;Wireless communication}, 
doi={10.1109/MILCOM.2006.302160},}
 
@ARTICLE{Wu13, 
author={Chih-Yao Wu and Pang-Chang Lan and Ping-Cheng Yeh and Chia-Han Lee and Chen-Mou Cheng}, 
journal={IEEE Journal on Selected Areas in Communications}, 
title={{Practical Physical Layer Security Schemes for MIMO-OFDM Systems Using Precoding Matrix Indices}}, 
year={2013}, 
volume={31}, 
number={9}, 
pages={1687-1700}, 
month={September},
keywords={MIMO communication;OFDM modulation;correlation methods;matrix algebra;precoding;quantisation (signal);radio transmitters;telecommunication security;wireless channels;MIMO-OFDM channel system;MOCHA;MOPRO;PMI;channel quantization;eavesdropper;multiple-input multiple-output channel;orthogonal frequency-division multiplexing;practical physical layer security scheme;precoding matrix index;rotation matrix;secret bit extraction;secret key generation;secure transmission;wireless channel reciprocity;Channel estimation;Communication system security;MIMO;Security;Transmitters;Vectors;Wireless communication;MIMO-OFDM;Physical-layer security;cryptography;precoding matrix index;secret key generation}, 
doi={10.1109/JSAC.2013.130904}, 
ISSN={0733-8716},}
 
@INPROCEEDINGS{Cho09, 
author={Chorti, A. and Kanaras, I.}, 
booktitle={{IEEE 20th International Symposium on Personal, Indoor and Mobile Radio Communications}}, 
title={{Masked M-QAM OFDM: A simple approach for enhancing the security of OFDM systems}}, 
year={2009}, 
pages={1682-1686}, 
month={September},
keywords={OFDM modulation;demodulators;fast Fourier transforms;intercarrier interference;maximum likelihood detection;quadrature amplitude modulation;radio receivers;telecommunication security;FDM signal modulation;IFFT stage;OFDM FFT demodulator;OFDM signal;OFDM system;carrier orthogonality;eavesdropper detection;encrypted FDM signal generation;exponential complexity;information symbol;inter-carrier interference suppression;masked M-QAM OFDM;maximum likelihood detection;nonorthogonal FDM signal;orthogonal frequency division multiplexing;real noisy environment;receiver;secure transmission;symmetric secret key;system security;Bandwidth;Cryptography;Data mining;Demodulation;Frequency division multiplexing;Interference suppression;OFDM modulation;Physical layer;Security;Signal generators}, 
doi={10.1109/PIMRC.2009.5450168},}
 
@INPROCEEDINGS{Yuc07, 
author={Yucek, Tevfik and Arslan, Huseyin}, 
booktitle={Military Communications Conference}, 
title={{Feature Suppression for Physical-layer Security in OFDM Systems}}, 
year={2007}, 
pages={1-5}, 
month={October},
keywords={Bit error rate;Communication system security;Cryptography;Data security;Frequency synchronization;Jitter;OFDM;Physical layer;Power system security;Signal processing}, 
doi={10.1109/MILCOM.2007.4455033},}
 
@INPROCEEDINGS{Pan12, 
author={Pan, M.J.L. and Clancy, T.C. and McGwier, R.W.}, 
booktitle={Military Communications Conference}, 
title={{Jamming Attacks Against OFDM Timing Synchronization and Signal Acquisition}}, 
year={2012}, 
pages={1-7}, 
month={October},
keywords={OFDM modulation;jamming;receivers;signal detection;synchronisation;telecommunication security;OFDM receivers;OFDM timing synchronization;current synchronization methods;frequency synchronization;jamming attacks;modern communications systems;orthogonal frequency division multiplexing;preamble synchronization stage;signal acquisition;symbol timing estimation stage;Jamming;OFDM;Receivers;Synchronization;Transmitters}, 
doi={10.1109/MILCOM.2012.6415749}, 
ISSN={2155-7578},}
 
@ARTICLE{Li09, 
author={Zheng Li and Xia, Xiang-Gen}, 
journal={IEEE Transactions on Wireless Communications}, 
title={{A Distributed Differentially Encoded OFDM Scheme for Asynchronous Cooperative Systems with Low Probability of Interception}}, 
year={2009}, 
volume={8}, 
number={7}, 
month={July},
pages={3372-3379}, 
keywords={MIMO communication;OFDM modulation;antenna arrays;channel coding;cooperative systems;cryptography;decoding;diversity reception;probability;random codes;redundancy;telecommunication security;wireless channels;LPI;MIMO system;antenna array redundancy;asynchronous cooperative system;deliberate signal randomization;diagonal unitary code;differential decoding;distributed differentially encoded OFDM scheme;frequency diversity;low probability-of-interception;physical-layer security design;physical-layer transmission scheme;timing error;upper layer data encryption;wireless channel;Antenna arrays;Cooperative systems;Cryptography;Data security;Frequency domain analysis;MIMO;OFDM;Redundancy;Timing;Transmitting antennas;Differential space-time-frequency coding, asynchronous asynchronous security, low probability of interception.}, 
doi={10.1109/TWC.2009.080365}, 
ISSN={1536-1276},}

@INPROCEEDINGS{Spe02, 
author={Sperandio, C. and Flikkema, P.G.}, 
booktitle={Military Communications Conference}, 
title={{Wireless Physical-Layer Security via Transmit Precoding Over Dispersive Channels: Optimum Linear Eavesdropping}}, 
year={2002}, 
volume={2}, 
month={October},
pages={1113-1117 vol.2}, 
keywords={convolution;dispersive channels;diversity reception;encoding;least mean squares methods;multipath channels;multiplexing;radio receivers;radio transmitters;radiofrequency interference;security of data;singular value decomposition;telecommunication security;telecommunication signalling;SVD;algebraic channel decomposition multiplexing;channel response;convolution matrix;dispersive channels;diversity loss;information assurance;inter-code interference;multi-layer security;multipath structure;multipulse spread-spectrum precoding;optimum linear MMSE receiver;optimum linear eavesdropping;orthogonal signaling;performance penalty;transmission security;transmit code vectors;transmit precoding;wireless physical-layer security;Communication system security;Convolution;Degradation;Dispersion;Information security;OFDM;Protection;Spread spectrum communication;Transmitters;Wireless communication}, 
doi={10.1109/MILCOM.2002.1179633},}

@ARTICLE{Hal07, 
author={Haleem, M.A. and Mathur, C.N. and Chandramouli, R. and Subbalakshmi, K. P.}, 
journal={IEEE Transactions on Dependable and Secure Computing}, 
title={{Opportunistic Encryption: A Trade-Off between Security and Throughput in Wireless Networks}}, 
year={2007}, 
volume={4}, 
number={4}, 
pages={313-324}, 
month={October},
keywords={cryptography;error statistics;forward error correction;modulation;optimisation;radio networks;telecommunication channels;telecommunication security;Rijndael cipher;avalanche effect;block ciphers;channel opportunity;forward error correcting codes;joint optimization;modulation;opportunistic encryption;random bit errors;wireless network security;Algorithms;Cost/performance;Data Encryption;Data encryption;Dynamic programming;Emerging technologies;Optimization;Security;Security and Privacy Protection;Simulation;Wireless communication;Wireless systems;and protection;integrity}, 
doi={10.1109/TDSC.2007.70214}, 
ISSN={1545-5971},}

%%%%%%%%%%%%%%%%%%%%%%%%%%%%%%%%%%%%%%%%%%%%%%%%%%%%%%%%%%

%%%%%%%%%%%%%%%%%%%%%%%%%%%%%%%%%%%%%%%%%%%%%%%%%%%%%%%%%%
@ARTICLE{Fil09, 
author={Filippi, A. and Serbetli, S.}, 
journal={IEEE Transactions on Wireless Communications}, title={{OFDM Symbol Synchronization using Frequency Domain Pilots in Time Domain}}, 
year={2009}, 
volume={8}, 
number={6}, 
month={June},
pages={3240-3248}, 
keywords={OFDM modulation;channel estimation;discrete Fourier transforms;interference suppression;synchronisation;time-frequency analysis;DFT window;OFDM symbol synchronization algorithm;channel estimation;discrete Fourier transform;frequency domain analysis;interblock-interference free windowing;orthogonal frequency division multiplexing;time domain analysis;Channel estimation;Delay;Digital video broadcasting;Discrete Fourier transforms;Frequency division multiplexing;Frequency domain analysis;Frequency estimation;Frequency synchronization;OFDM modulation;Robustness;Orthogonal frequency division multiplexing, channel estimation, fine time synchronization, IBI, SINR}, 
doi={10.1109/TWC.2009.081224}, 
ISSN={1536-1276},}

%%%%%%%%%%%%%%%%%%%%%%%%%%%%%%%%%%%%%%%%%%%%%%%%%%%%%%%%%%
@INPROCEEDINGS{Kot10, 
author={Kotzsch, V. and Rave, W. and Fettweis, G.}, 
booktitle={International Symposium on Wireless Communication Systems}, title={{ISI Analysis in Network MIMO-OFDM Systems with Insufficient Cyclic Prefix Length}}, 
year={2010}, 
pages={189-193}, 
month={September},
keywords={MIMO communication;OFDM modulation;cellular radio;intersymbol interference;multiuser detection;ISI analysis;OFDM intersymbol interference;adjacent subcarrier coupling;cell radii;cellular network MIMO OFDM system;channel delays;distance dependent asynchronous interference;fixed cyclic prefix length;hexagonal cell geometry;joint signal processing;multiuser interference;multiuser joint detection performance;numerical simulations;pathloss environments;symbol timing offsets;user positioning models;Base stations;Interference;MIMO;Multiuser detection;OFDM;Signal to noise ratio;Timing}, 
doi={10.1109/ISWCS.2010.5624259}, 
ISSN={2154-0217},}

%%%%%%%%%%%%%%%%%%%%%%%%%%%%%%%%%%%%%%%%%%%%%%%%%%%%%%%%%%
@INPROCEEDINGS{Seo97, 
author={Seoane, J.L. and Wilson, S.K. and Gelfand, S.}, 
booktitle={Global Telecommunications Conference}, title={{Analysis of Intertone and Interblock Interference in OFDM when the Length of the Cyclic Prefix is Shorter than the Length of the Impulse Response of the Channel}}, 
year={1997}, 
volume={1}, 
pages={32-36 vol.1}, 
month={November},
keywords={frequency division multiplexing;intersymbol interference;modulation;multipath channels;transient response;BER;OFDM;UMTS;Universal Mobile Telecommunications System;cyclic prefix length;impulse response length;interblock interference;intersymbol interference;intertone interference;multicarrier modulation;multipath channel;orthogonal frequency division multiplexing;radiowave propagation;simulations;suburban hilly environment;system degradation;3G mobile communication;AWGN;Bit error rate;Costs;Delay;Interference;Multipath channels;Narrowband;OFDM modulation;Power system modeling}, 
doi={10.1109/GLOCOM.1997.632507},}

%%%%%%%%%%%%%%%%%%%%%%%%%%%%%%%%%%%%%%%%%%%%%%%%%%%%%%%%%%
%                       Optimal Pilots       
%%%%%%%%%%%%%%%%%%%%%%%%%%%%%%%%%%%%%%%%%%%%%%%%%%%%%%%%%%

%%%%%%%%%%%%%%%%%%%%%%%%%%%%%%%%%%%%%%%%%%%%%%%%%%%%%%%%%%
@INPROCEEDINGS{Gar01, 
author={Fernandez-Getino Garcia, M.J. and Paez-Borrallo, J.M. and Zazo, S.}, 
booktitle={Vehicular Technology Conference}, title={{DFT-based Channel Estimation in 2D-pilot-symbol-aided OFDM Wireless Systems}}, 
year={2001}, 
volume={2}, 
pages={810-814}, 
month={May},
keywords={OFDM modulation;discrete Fourier transforms;frequency estimation;interpolation;radio links;2D pilot-symbol assisted modulation;2D time-frequency grid;2D-PSAM;2D-pilot-symbol-aided OFDM;DFT-based channel estimation;HF links;channel estimation algorithm;coherent OFDM;efficient DFT-based algorithm;frequency response estimation;linear interpolation;multicarrier HF communications systems;pilot symbols;scattered symbols;wireless systems;Channel estimation;Digital video broadcasting;Europe;Finite impulse response filter;Frequency estimation;Frequency response;Interpolation;OFDM modulation;Time frequency analysis;Wiener filter}, 
doi={10.1109/VETECS.2001.944491}, 
ISSN={1090-3038},}

%%%%%%%%%%%%%%%%%%%%%%%%%%%%%%%%%%%%%%%%%%%%%%%%%%%%%%%%%%
@ARTICLE{Big06, 
author={Biguesh, M. and Gershman, A.B.}, 
journal={IEEE Transactions on Signal Processing}, title={{Training-based MIMO Channel Estimation: A Study of Estimator Tradeoffs and Optimal Training Signals}}, 
year={2006}, 
volume={54}, 
number={3}, 
pages={884-893}, 
month={March},
keywords={MIMO systems;channel estimation;least mean squares methods;radio networks;statistical analysis;MMSE;best linear unbiased estimation scheme;channel second-order statistics;estimator tradeoffs;linear least square approach;minimum mean-square-error approach;multiple-input multiple-output;optimal training signals;training sequences;training-based MIMO channel estimation;Channel estimation;Diversity methods;Laser sintering;Least squares approximation;MIMO;Receiving antennas;Statistics;System testing;Transceivers;Transmitters;Multiple-input multiple-output (MIMO) channel estimation;optimal training signals}, 
doi={10.1109/TSP.2005.863008}, 
ISSN={1053-587X},}

%%%%%%%%%%%%%%%%%%%%%%%%%%%%%%%%%%%%%%%%%%%%%%%%%%%%%%%%%%
@INPROCEEDINGS{Ath03, 
author={Athaudage, C. R N and Jayalath, A. D S}, 
booktitle={Proceedings on Personal, Indoor and Mobile Radio Communications}, title={{Low-Complexity Channel Estimation for Wireless OFDM Systems}}, 
month={September},
year={2003}, 
volume={1}, 
pages={521-525 Vol.1}, 
keywords={OFDM modulation;channel estimation;channel spacing;computational complexity;interpolation;least mean squares methods;radio networks;radio receivers;time-varying channels;MMSE estimator;OFDM;Piecewise-linear interpolation;channel estimation technique;channel statistics;computational complexity;estimation error;minimum mean-square-error;pilot-symbol-assisted;time-varying channel response;wireless communication systems;Channel estimation;Computational complexity;Demodulation;Error analysis;Interpolation;OFDM;Piecewise linear techniques;Statistics;Time-varying channels;Wireless communication}, 
doi={10.1109/PIMRC.2003.1264326},}

%%%%%%%%%%%%%%%%%%%%%%%%%%%%%%%%%%%%%%%%%%%%%%%%%%%%%%%%%%
@ARTICLE{Li02, 
author={Ye Li}, 
journal={IEEE Transactions on Wireless Communications}, title={{Simplified Channel Estimation for OFDM Systems with Multiple Transmit Antennas}}, 
year={2002}, 
volume={1}, 
number={1}, 
month={January},
pages={67-75}, 
keywords={OFDM modulation;channel capacity;computational complexity;diversity reception;mobile radio;parameter estimation;telecommunication channels;transmitting antennas;40 Hz;Doppler frequency;MIMO systems;OFDM system;communication capacity;communication quality;complexity reduction;hilly-terrain delay profile;mobile wireless systems;multiple transmit antennas;multiple transmit-and-receive antennas;optimum training-sequence design;orthogonal frequency division multiplexing;parameter estimation;signal-to-noise ratio;simplified channel estimation;space-time coding;transmit diversity;urban delay profile;word error rate;Channel estimation;Degradation;Diversity reception;Frequency estimation;Interference;Mobile antennas;OFDM;Parameter estimation;Transmitting antennas;Wireless communication}, 
doi={10.1109/7693.975446}, 
ISSN={1536-1276},}


%%%%%%%%%%%%%%%%%%%%%%%%%%%%%%%%%%%%%%%%%%%%%%%%%%%%%%%%%%
@ARTICLE{Bar03, 
author={Barhumi, I. and Leus, G. and Moonen, M.}, 
journal={IEEE Transactions on Signal Processing}, title={{Optimal Training Design for MIMO-OFDM Systems in Mobile Wireless Channels}}, 
year={2003}, 
volume={51}, 
number={6}, 
pages={1615-1624}, 
month={June},
keywords={MIMO systems;OFDM modulation;channel estimation;fading channels;land mobile radio;least squares approximations;mean square error methods;multipath channels;optimisation;sequences;time-varying channels;LS channel estimate;MIMO OFDM systems;MSE;RLS algorithm;SNR;channel Doppler spread;equipowered sequences;equispaced sequences;least squares channel estimation;mean square error;mobile wireless channels;multipath fading channels;multiple-input multiple-output systems;noise variance;optimal forgetting factor;optimal pilot sequences;optimal pilot tones placement;optimal tracking factor;optimal training design;orthogonal frequency division multiplexing;orthogonal pilot sequences;phase shift orthogonal sequences;random pilot sequences;recursive LS algorithm;signal-to-noise ratio;simulations;slowly time-varying channels;training overhead reduction;Channel estimation;Digital audio broadcasting;Fading;Least squares approximation;MIMO;Mean square error methods;OFDM;Resonance light scattering;Signal to noise ratio;Time-varying channels}, 
doi={10.1109/TSP.2003.811243}, 
ISSN={1053-587X},}

%%%%%%%%%%%%%%%%%%%%%%%%%%%%%%%%%%%%%%%%%%%%%%%%%%%%%%%%%%
@ARTICLE{Chi11, 
author={Yuejie Chi and Gomaa, A. and Al-Dhahir, N. and Calderbank, A.R.}, 
journal={IEEE Transactions on Wireless Communications}, title={{Training Signal Design and Tradeoffs for Spectrally-Efficient Multi-User MIMO-OFDM Systems}}, 
year={2011}, 
volume={10}, 
number={7}, 
pages={2234-2245}, 
month={July},
keywords={MIMO communication;OFDM modulation;antenna arrays;channel estimation;least mean squares methods;phase noise;transmitting antennas;MMSE-optimal training sequences;base station;channel estimation mean squared error;peak-to-average power ratio;phase noise;residual carrier frequency offset;spatial processing;spectrally-efficient multiuser MIMO-OFDM systems;spectrally-efficient uplink transmission scenarios;training signal design;training symbols;transmit antennas;Channel estimation;Complexity theory;Discrete Fourier transforms;OFDM;Training;Transmitting antennas;MIMO-OFDM;RF impairments;Training sequences design;carrier frequency offset;multi-user systems;phase noise;pilot design}, 
doi={10.1109/TWC.2011.042211.101100}, 
ISSN={1536-1276},}


%%%%%%%%%%%%%%%%%%%%%%%%%%%%%%%%%%%%%%%%%%%%%%%%%%%%%%%%%%
@INPROCEEDINGS{Gen10, 
author={Xin Geng and Hanying Hu and Weijia Cui and Yanan Dun}, 
booktitle={International Conference on Signal Processing Systems}, title={{Optimal Pilot Design for MIMO-OFDM Channel Estimation}}, 
year={2010}, 
volume={2}, 
pages={404-408}, 
month={July},
keywords={MIMO communication;OFDM modulation;channel estimation;receivers;MIMO OFDM channel estimation;MNMSE;PAR;SNR;aperiodic autocorrelation;channel correlation;complex-value sequence;minimum normalized mean square error;multiple-input multiple-output channels;optimal length;optimal pilot design;optimal pilot sequences;peak-to-average energy ratio;pilot-OFDM signal;pilot-OFDM symbols;receiver;Channel estimation;Correlation;MIMO;Peak to average power ratio;Signal to noise ratio;Training;MIMO-OFDM system;MNMSE;PAR;pilot sequences;spatial fading correlation}, 
doi={10.1109/ICSPS.2010.5555454},}

%%%%%%%%%%%%%%%%%%%%%%%%%%%%%%%%%%%%%%%%%%%%%%%%%%%%%%%%%%
@INPROCEEDINGS{Kim05, 
author={Tayoon Kim and Andrews, J.G.}, 
booktitle={Global Telecommunications Conference}, title={{Optimal Pilot-to-Data Power Ratio for MIMO-OFDM}}, 
year={2005}, 
volume={3}, 
pages={1481-1485}, 
month={November},
keywords={MIMO systems;OFDM modulation;channel capacity;channel estimation;radio networks;MIMO-OFDM;channel variations tracking;communication capacity;communication quality;decision-directed channel estimation;multiple-input multiple-output system;orthogonal frequency division multiplexing;pilot-symbol-aided channel estimation;pilot-to-data power ratio;Channel estimation;Diversity reception;MIMO;OFDM;Pattern analysis;Receiving antennas;Robustness;Scattering;Transmitting antennas;Wireless communication}, 
doi={10.1109/GLOCOM.2005.1577897},}

%%%%%%%%%%%%%%%%%%%%%%%%%%%%%%%%%%%%%%%%%%%%%%%%%%%%%%%%%%
@INPROCEEDINGS{Man12, 
author={Manasseh, E. and Ohno, S. and Nakamoto, M.}, 
booktitle={Vehicular Technology Conference}, title={{Training Symbol Design for Channel Estimation and IQ Imbalance Compensation in OFDM Systems}}, 
year={2012}, 
pages={1-5}, 
month={May},
keywords={OFDM modulation;channel estimation;error statistics;mean square error methods;radio receivers;radio transmitters;BER;IQ imbalance compensation;OFDM receivers;OFDM systems;OFDM transmitters;bit error rate;channel estimation;convex optimization;cross entropy optimization;frequency selective channels estimation;in-phase imbalance compensation;mean squared error;quadrature imbalance compensation;training symbol designs;Bit error rate;Channel estimation;Mirrors;OFDM;Optimization;Receivers;Training}, 
doi={10.1109/VETECS.2012.6239897}, 
ISSN={1550-2252},}

%%%%%%%%%%%%%%%%%%%%%%%%%%%%%%%%%%%%%%%%%%%%%%%%%%%%%%%%%%
@ARTICLE{Neg98, 
author={Negi, R. and Cioffi, J.}, 
journal={IEEE Transactions on Consumer Electronics}, title={{Pilot Tone Selection for Channel Estimation in a Mobile OFDM System}}, 
year={1998}, 
volume={44}, 
number={3}, 
pages={1122-1128}, 
month={August},
keywords={Gaussian noise;Markov processes;frequency division multiplexing;frequency response;mobile radio;parameter estimation;telecommunication channels;white noise;AWGN;channel estimation;equally spaced tones;first order Markov channel;mobile OFDM system;orthogonal frequency division multiplexing;pilot tone selection;Blind equalizers;Channel estimation;Frequency domain analysis;Frequency estimation;Frequency response;Information systems;Laboratories;OFDM;Time-varying channels;Training data}, 
doi={10.1109/30.713244}, 
ISSN={0098-3063},}

%%%%%%%%%%%%%%%%%%%%%%%%%%%%%%%%%%%%%%%%%%%%%%%%%%%%%%%%%%
@ARTICLE{Ohn04, 
author={Ohno, S. and Giannakis, G.B.}, 
journal={IEEE Transactions on Information Theory}, title={{Capacity Maximizing MMSE-Optimal Pilots for Wireless OFDM over Frequency-Selective Block Rayleigh-Fading Channels}}, 
year={2004}, 
volume={50}, 
number={9}, 
pages={2138-2145},
month={September}, 
keywords={OFDM modulation;Rayleigh channels;antenna arrays;channel capacity;channel estimation;least mean squares methods;linear codes;multipath channels;OFDM system;channel capacity;decoupled information-bearing symbol;mean-square channel estimation error;multicarrier block transmission;orthogonal frequency-division multiplexing;pilot symbols;wireless frequency-selective Rayleigh-fading channel;Channel capacity;Channel estimation;Fading;Feedback;Frequency division multiplexing;Frequency estimation;Mutual information;OFDM;Rayleigh channels;Transmitters;Block transmissions;OFDM;capacity;channel estimation;orthogonal frequency-division multiplexing;pilot tones}, 
doi={10.1109/TIT.2004.833365}, 
ISSN={0018-9448},}

@ARTICLE{Mar05, 
author={Martin, R.K. and Walsh, J.M. and Johnson, C.R.}, 
journal={IEEE Transactions on Signal Processing}, 
title={{Low-Complexity MIMO Blind, Adaptive Channel Shortening}}, 
year={2005}, 
volume={53}, 
number={4}, 
pages={1324-1334}, 
month={April},
keywords={MIMO systems;adaptive signal processing;blind equalisers;computational complexity;convergence of numerical methods;interference suppression;intersymbol interference;iterative methods;synchronisation;telecommunication channels;MIMO blind channel;adaptive channel shortening;adaptive signal processing;blind symbol synchronization technique;complexity reduction;convergence;intercarrier interference;interference suppression;intersymbol interference;iteration method;multicarrier equalization;multiple-input multiple output;redundancy restoration;Blind equalizers;DSL;Frequency synchronization;Intersymbol interference;MIMO;Maximum likelihood estimation;Modulation coding;Multiaccess communication;OFDM modulation;Satellite broadcasting;Adaptive;MERRY;blind;channel shortening;cyclic prefix;equalization;multicarrier}, 
doi={10.1109/TSP.2005.843697}, 
ISSN={1053-587X},}

%%%%%%%%%%%%%%%%%%%%%%%%%%%%%%%%%%%%%%%%%%%%%%%%%%%%%%%%%%
%                    AB AUTOCORR
%%%%%%%%%%%%%%%%%%%%%%%%%%%%%%%%%%%%%%%%%%%%%%%%%%%%%%%%%%


@ARTICLE{Bee97, 
author={van de Beek, J.-J. and Sandell, M. and Borjesson, P.O.}, 
journal={IEEE Transactions on Signal Processing}, title={{ML Estimation of Time and Frequency Offset in OFDM Systems}}, 
year={1997}, 
volume={45}, 
number={7}, 
pages={1800-1805}, 
month={July},
keywords={frequency division multiplexing;frequency estimation;maximum likelihood estimation;synchronisation;tracking;OFDM systems;acquisition mode;carrier-frequency offset estimator;cyclic prefix;maximum likelihood;orthogonal frequency-division multiplexing;redundant information;symbol-time estimator;time offset;tracking mode;AWGN;Discrete Fourier transforms;Frequency division multiplexing;Frequency estimation;Frequency synchronization;Maximum likelihood estimation;OFDM;Radio broadcasting;TV broadcasting;Uncertainty}, 
doi={10.1109/78.599949}, 
ISSN={1053-587X},}

@INPROCEEDINGS{Ach08, 
author={Acharya, J. and Viswanathan, H. and Venkatesan, S.}, 
booktitle={IEEE Symposium on New Frontiers in Dynamic Spectrum Access Networks}, 
title={Timing Acquisition for Non Contiguous OFDM Based Dynamic Spectrum Access}, 
year={2008}, 
month={Oct}, 
pages={1-10}, 
keywords={OFDM modulation;cognitive radio;fast Fourier transforms;maximum likelihood estimation;timing;wireless channels;ML estimator;cognitive radio systems;computational complexity;cyclic prefix correlation;dynamic spectrum access;fast Fourier transform;frequency selective channels;noncontiguous OFDM;orthogonal frequency division multiplexing;symbol timing acquisition algorithms;Algorithm design and analysis;Cognitive radio;Fast Fourier transforms;Frequency estimation;OFDM;Physical layer;Robustness;Signal processing algorithms;Timing;WiMAX}, 
doi={10.1109/DYSPAN.2008.57},}

%%%%%%%%%%%%%%%%%%%%%%%%%%%%%%%%%%%%%%%%%%%%%%%%%%%%%%%%%%
%                        TOR
%%%%%%%%%%%%%%%%%%%%%%%%%%%%%%%%%%%%%%%%%%%%%%%%%%%%%%%%%%

@ARTICLE{Cel01, 
author={Celebi, S.}, 
journal={IEEE Transactions on Communications}, title={{Interblock Interference (IBI) and Time of Reference (TOR) Computation in OFDM Systems}}, 
year={2001}, 
volume={49}, 
number={11}, 
pages={1895-1900}, 
month={November},
keywords={OFDM modulation;broadband networks;data communication;digital audio broadcasting;digital subscriber lines;digital television;interference suppression;land mobile radio;modems;spectral analysis;television broadcasting;television interference;transient response;DAB;OFDM systems;asynchronous digital subscriber loop;channel impulse response;cyclic prefix;cyclic prefix length;digital TV broadcasting;digital audio broadcast;digital television terrestrial broadcast;guard time sequence;high bit rate digital subscriber loop;impulse response tails;interblock interference;line code;mobile data communication;orthogonal frequency-division multiplexing;power spectral density;receiver;time of reference computation;wideband modem;Bit rate;DSL;Digital TV;Digital audio broadcasting;Frequency division multiplexing;Interference;Modems;OFDM;TV broadcasting;Wideband}, 
doi={10.1109/26.966053}, 
ISSN={0090-6778},}


%%%%%%%%%%%%%%%%%%%%%%%%%%%%%%%%%%%%%%%%%%%%%%%%%%%%%%%%%%
%                 CHANNEL TRACKING
%%%%%%%%%%%%%%%%%%%%%%%%%%%%%%%%%%%%%%%%%%%%%%%%%%%%%%%%%%

%%%%%%%%%%%%%%%%%%%%%%%%%%%%%%%%%%%%%%%%%%%%%%%%%%%%%%%%%%
@INPROCEEDINGS{Eit12, 
author={Eitel, Emna and Speidel, Joachim}, 
booktitle={European Wireless Conference}, title={{Efficient Training of Adaptive MIMO Channel Tracking Algorithms}}, 
year={2012}, 
pages={1-7}, 
month={April},
keywords={Bit error rate;Channel estimation;Equations;Least squares approximation;Mathematical model;Signal to noise ratio;Training},}


@INPROCEEDINGS{Kaz10, 
author={Kazmi, A.H. and Khan, N.M.}, 
booktitle={International Conference on Information and Emerging Technologies}, title={{Channel Tracking and Equalization using Kalman Estimation for MIMO Systems in Non-Isotropic Ricean fading environment}}, 
year={2010}, 
pages={1-5}, 
month={June},
keywords={MIMO communication;Rician channels;autoregressive processes;decision feedback equalisers;intersymbol interference;ISI channels;Kalman estimation;Kalman filter;MIMO systems;channel tracking;directional Ricean fading process;equalization;finite-length MIMO minimum-mean-squared-error decision-feedback equalizer;high order autoregressive model;intersymbol interference;multiinput multioutput time-varying non isotropic Ricean fading channels;nonisotropic Ricean fading environment;Computational efficiency;Decision feedback equalizers;Estimation;Fading;Field-flow fractionation;Niobium;Autoregressive model;Kalman filter;MIMO;Non isotropic Ricean fading}, 
doi={10.1109/ICIET.2010.5625722},}

@INPROCEEDINGS{Ign12, 
author={Ignatius, George and Murali Krishna Varma, U and Krishna, Nitish S. and Sachin, P.V. and Sudheesh, P.}, 
booktitle={International Conference on Devices, Circuits and Systems}, title={{Extended Kalman Filter Based Estimation for Fast Fading MIMO Channels}}, 
year={2012}, 
pages={466-469}, 
month={March},
keywords={Channel estimation;Convergence;Filtering;OFDM;Burg AR model;Channel Estimation;Extended Kalman Filter;MIMO OFDM}, 
doi={10.1109/ICDCSyst.2012.6188758},}

%%%%%%%%%%%%%%%%%%%%%%%%%%%%%%%%%%%%%%%%%%%%%%%%%%%%%%%%%%
%              FPGA Book Resource Figure
%%%%%%%%%%%%%%%%%%%%%%%%%%%%%%%%%%%%%%%%%%%%%%%%%%%%%%%%%%

@book{Max04,
  title={{The Design Warrior's Guide to FPGAs: Devices, Tools and Flows}},
  author={Maxfield, C.},
  isbn={9780080477138},
  url={http://books.google.com/books?id=dnuwr2xOFpUC},
  year={2004},
  publisher={Elsevier Science}
}
%%%%%%%%%%%%%%%%%%%%%%%%%%%%%%%%%%%%%%%%%%%%%%%%%%%%%%%%%%
%            Xilinx FPGA Product Overview
%%%%%%%%%%%%%%%%%%%%%%%%%%%%%%%%%%%%%%%%%%%%%%%%%%%%%%%%%%

@url{VirtexSeries,
Title = {{Virtex Series Overview}},
note = {http://www.xilinx.com/publications/matrix/Virtex\_Series.pdf}}

@url{Kintex,
Title = {{Kintex-7 Product Overview}},
note = {http://www.xilinx.com/publications/prod\_mktg/Kintex7-Product-Table.pdf}}


%%%%%%%%%%%%%%%%%%%%%%%%%%%%%%%%%%%%%%%%%%%%%%%%%%%%%%%%%%
%             Implementation Examples
%%%%%%%%%%%%%%%%%%%%%%%%%%%%%%%%%%%%%%%%%%%%%%%%%%%%%%%%%%
@INPROCEEDINGS{Bou06, 
author={Boumard, S. and Weissenfelt, M. and Huageng Chi and Nurmi, J.}, 
booktitle={International Symposium on Personal, Indoor and Mobile Radio Communications}, title={{A Wireless MIMO-STC-OFDM System Implementation}}, 
month={September},
year={2006}, 
pages={1-5}, 
keywords={4G mobile communication;MIMO communication;OFDM modulation;channel estimation;field programmable gate arrays;mobile radio;space-time codes;synchronisation;wireless channels;4G MIMO systems;ETSI BRAN channels;Elektrobit Propsim C8 hardware multi-channel emulator;OFDMA;VHDL FPGA implementations;channel estimation algorithms;field programmable gate arrays;floating-point simulations;multiple input multiple output system;orthogonal frequency division multiple access;orthogonal frequency division multiplexing;space-time coding;synchronization algorithms;wireless MIMO STC OFDM system implementation;Antenna measurements;Bit error rate;Channel estimation;Hardware;Land mobile radio;MIMO;OFDM;Radio transmitters;System testing;Transmitting antennas}, 
doi={10.1109/PIMRC.2006.254002},}

@INPROCEEDINGS{Yos09, 
author={Yoshizawa, S. and Miyanaga, Y.}, 
booktitle={IEEE International Symposium on Circuits and Systems}, title={{VLSI Implementation of a 4x4 MIMO-OFDM transceiver with an 80-MHz channel bandwidth}}, 
month={May},
year={2009}, 
pages={1743-1746}, 
keywords={MIMO communication;OFDM modulation;VLSI;access protocols;transceivers;wireless LAN;wireless channels;4times4 MIMO-OFDM transceiver;IEEE802.11;MAC layer;VLSI implementation;channel bandwidth;frequency 80 MHz;minimum mean-square error MIMO detector;multiple-input multiple-output systems;power 451 mW to 577 mW;power dissipation;real-time processing;wireless LAN systems;Bandwidth;Data communication;Delay;Detectors;MIMO;OFDM;Throughput;Transceivers;Very large scale integration;Wireless LAN}, 
doi={10.1109/ISCAS.2009.5118112},}

@INPROCEEDINGS{Ozc03, 
author={Ozcelik, H. and Herdin, M. and Hofstetter, H. and Bonek, E.}, 
booktitle={Personal Mobile Communications Conference}, title={{Capacity of Different MIMO Systems based on Indoor Measurements at 5.2 GHz}}, 
month={April},
year={2003}, 
pages={463-466}, 
keywords={MIMO systems;channel capacity;correlation methods;indoor radio;matrix algebra;microwave antenna arrays;microwave propagation;MIMO system capacity;SHF;average capacities;fixed array size;i.i.d. Rayleigh fading channel;indoor measurements;indoor office;receive positions;receiver correlation matrix;transmitter correlation matrix}, 
doi={10.1049/cp:20030298}, 
ISSN={0537-9989},}

@ARTICLE{Ali05, 
author={Alimohammad, A. and Cockburn, B.F.}, 
journal={IEEE Transactions on Signal Processing}, 
title={{An Efficient Parallel Architecture for Implementing LST Decoding in MIMO Systems}}, 
month={October},
year={2006}, 
volume={54}, 
number={10}, 
pages={3899-3907}, 
keywords={CMOS integrated circuits;MIMO systems;cellular radio;coprocessors;decoding;digital signal processing chips;field programmable gate arrays;hardware description languages;indoor radio;mobile handsets;parallel architectures;radio receivers;space-time codes;100 MHz;CMOS;DSP-RAM processor;FPGA;HDL;LST decoding;MIMO systems;cellular telephones;digital signal processors;field-programmable gate arrays;hardware description language;indoor wireless environment;layered space-time algorithms;multiple-input multiple-output receiver;parallel single-instruction stream multiple-data stream coprocessor architecture;Coprocessors;Decoding;Digital signal processing;Digital signal processors;Field programmable gate arrays;Hardware design languages;MIMO;Parallel architectures;Signal processing algorithms;Telephony;Layered space&#8211;time decoding;multiple-input multiple-output (MIMO) receiver;parallel processing;processor-in-memory}, 
doi={10.1109/TSP.2006.879326}, 
ISSN={1053-587X},}

@INPROCEEDINGS{Bur06,
author={Burg, A. and Haene, S. and Perels, D. and Luethi, P. and Felber, N. and Fichtner, W.}, 
booktitle={IEEE International Symposium on Circuits and Systems}, 
title={{Algorithm and VLSI architecture for linear MMSE detection in MIMO-OFDM systems}}, 
month={May},
year={2006}, 
pages={4102-4105}, 
keywords={MIMO systems;OFDM modulation;VLSI;channel coding;least mean squares methods;packet radio networks;radio receivers;signal detection;MIMO-OFDM systems;VLSI architecture;channel decoding;linear MMSE detection;receiver architecture;resource utilization;soft information;Computer architecture;Decoding;Delay;Hardware;MIMO;OFDM;Signal processing algorithms;Transmitting antennas;Very large scale integration;Wireless communication}, 
doi={10.1109/ISCAS.2006.1693531},}

@inproceedings{Pel08,
 author = {Pelechrinis, Konstantinos and Broustis, Ioannis and Salonidis, Theodoros and Krishnamurthy, Srikanth V. and Mohapatra, Prasant},
 title = {{Design and Deployment Considerations for High Performance MIMO Testbeds}},
 booktitle = {Proceedings of the 4th Annual International Conference on Wireless Internet},
 series = {WICON '08},
 month={April},
 year = {2008},
 isbn = {978-963-9799-36-3},
 location = {Maui, Hawaii},
 pages = {53:1--53:9},
 articleno = {53},
 numpages = {9},
 url = {http://dl.acm.org/citation.cfm?id=1554126.1554192},
 acmid = {1554192},
 publisher = {ICST (Institute for Computer Sciences, Social-Informatics and Telecommunications Engineering)},
 address = {ICST, Brussels, Belgium, Belgium},
 keywords = {IEEE 802.11n, MIMO communications, testbed deployment, topology},
} 

@article{Fon11,
  title={{A real-time MIMO-OFDM mobile WiMAX receiver: Architecture, design and FPGA implementation}},
  author={Font-Bach, Oriol and Bartzoudis, Nikolaos and Pascual-Iserte, Antonio and Bueno, D L{\'o}pez},
  journal={Computer Networks},
  volume={55},
  number={16},
  pages={3634--3647},
  month={November},
  year={2011},
  publisher={Elsevier}
}

@ARTICLE{Hua08, 
author={Xinming Huang and Cao Liang and Jing Ma}, 
journal={IEEE Transactions on Very Large Scale Integration (VLSI) Systems}, 
title={{System Architecture and Implementation of MIMO Sphere Decoders on FPGA}}, 
month={February},
year={2008}, 
volume={16}, 
number={2}, 
pages={188-197}, 
keywords={MIMO communication;communication complexity;decoding;digital signal processing chips;field programmable gate arrays;hardware-software codesign;quadrature amplitude modulation;16-QAM modulation;MIMO sphere decoders;MicroBlaze soft core processor;Schnorr-Euchner algorithm;Viterbo-Boutros algorithm;Xilinx XC2VP30 FPGA device;channel matrix preprocessing;computational complexity;digital signal processor;embedded processor;hardware/software codesign;multiple antennas;parallel decoding;system architecture;Computer architecture;Decoding;Field programmable gate arrays;Hardware;MIMO;Partitioning algorithms;Prototypes;Receiving antennas;Signal processing algorithms;Transmitting antennas;Field-programmable gate array (FPGA);lattice point search;multiple-input–multiple-output (MIMO) detection;parallel structure;sphere decoding;system-on-chip (SoC)}, 
doi={10.1109/TVLSI.2007.912042}, 
ISSN={1063-8210},}

@article{Jim08,
  title={{Design and implementation of a hardware module for MIMO decoding in a 4G wireless receiver}},
  author={Jim{\'e}nez-Pacheco, Alberto and Fern{\'a}ndez-Herrero, {\'A}ngel and Casaj{\'u}s-Quir{\'o}s, Javier},
  journal={VLSI Design},
  volume={2008},
  number={2},
  pages={1-8},
  month={October},
  year={2008},
  publisher={Hindawi Publishing Corp.}
}

@INPROCEEDINGS{Lin08,
author={Kuang-Hao Lin and Chang, R.C. and Chien-Lin Huang and Feng-Chi Chen and Shih-Chun Lin}, 
booktitle={IEEE International Conference on Electronics, Circuits and Systems}, 
title={{Implementation of QR decomposition for MIMO-OFDM detection systems}}, 
month={September},
year={2008}, 
pages={57-60}, 
keywords={MIMO communication;OFDM modulation;channel estimation;digital arithmetic;wireless LAN;Givens rotation method;MIMO-OFDM detection systems;QR decomposition architecture;channel estimation;clock latency;coordinate rotation digital computer;data detection algorithm;hardware complexity;multiple input multiple output systems;orthogonal frequency division multiplexing;triangular systolic array structures;wireless communication systems;Channel estimation;Hardware;MIMO;Matrix converters;Matrix decomposition;OFDM;Receiving antennas;Systolic arrays;Transmitting antennas;Wireless communication}, 
doi={10.1109/ICECS.2008.4674790},}

@INPROCEEDINGS{Mal06, 
author={Maltsev, A. and Pestretsov, V. and Maslennikov, R. and Khoryaev, A.}, 
booktitle={IEEE International Symposium on Circuits and Systems}, 
title={Triangular systolic array with reduced latency for QR-decomposition of complex matrices}, 
month={May},
year={2006}, 
pages={385-388}, 
keywords={VLSI;computational complexity;digital arithmetic;matrix decomposition;systolic arrays;CORDIC;QR-decomposition;three angle complex rotation approach;triangular systolic array;Delay;Frequency estimation;Hardware;MIMO;Matrices;Matrix decomposition;Multiaccess communication;OFDM;Signal processing algorithms;Systolic arrays}, 
doi={10.1109/ISCAS.2006.1692603},}


@INPROCEEDINGS{Pat09, 
author={Patel, D. and Shabany, M. and Gulak, P.G.}, 
booktitle={IEEE International Symposium on Circuits and Systems}, 
title={{A low-complexity high-speed QR decomposition implementation for MIMO receivers}}, 
month={May},
year={2009}, 
pages={33-36}, 
keywords={MIMO communication;computational complexity;matrix decomposition;mobile radio;pipeline arithmetic;radio receivers;signal detection;wireless channels;2D configurable pipelined CORDIC processor;4D configurable pipelined CORDIC processor;CMOS process;MIMO channel matrices;MIMO detector;MIMO receiver;MIMO signal detection scheme;complex R matrix;computational complexity;execution parallelism;fast-varying channel;frequency 270 MHz;householder transformation;hybrid QRD scheme;low-complexity high-speed QR decomposition;main data processing module;mobile communication applications;resource utilization;signal processing task;size 0.13 mum;unrolled pipelined CORDIC processors;Computational complexity;Computer architecture;Delay;MIMO;Matrix decomposition;Mobile communication;Multidimensional signal processing;Parallel processing;Signal detection;Throughput}, 
doi={10.1109/ISCAS.2009.5117678},}


@INPROCEEDINGS{Sha07, 
author={Shariat-Yazdi, R. and Kwasniewski, T.}, 
booktitle={International Symposium on Intelligent Signal Processing and Communication Systems}, 
title={{Reconfigurable K-best MIMO detector architecture and FPGA implementation}}, 
month={November},
year={2007}, 
pages={349-352}, 
keywords={MIMO communication;field programmable gate arrays;maximum likelihood decoding;maximum likelihood detection;reconfigurable architectures;FPGA implementation;K-best decoding algorithm;low complexity reconfigurable k-best MIMO detector architecture;maximum-likelihood detector;Bit error rate;Detectors;Field programmable gate arrays;MIMO;Maximum likelihood decoding;Quality of service;Receivers;Signal processing algorithms;System performance;Throughput;FPGA;K-best;MIMO;Reconfigurable hardware}, 
doi={10.1109/ISPACS.2007.4445895},}

@INPROCEEDINGS{Sin07, 
author={Singh, C.K. and Sushma Honnavara Prasad and Balsara, P.T.}, 
booktitle={International Conference on VLSI Design}, 
title={{VLSI Architecture for Matrix Inversion using Modified Gram-Schmidt based QR Decomposition}}, 
month={January},
year={2007}, 
pages={836-841}, 
keywords={CMOS integrated circuits;MIMO communication;VLSI;fixed point arithmetic;matrix decomposition;matrix inversion;signal processing;table lookup;0.18 micron;CMOS technology;LUT;MGS orthogonalization;MIMO communication;QR decomposition;VLSI architecture;fixed-point arithmetic;inverse computation;linear equations;log-domain computations;matrix inversion;modified Gram-Schmidt orthogonalization;signal processing;CMOS technology;Computer architecture;Concurrent computing;Delay;Equations;Fixed-point arithmetic;Hardware;Matrix decomposition;Signal processing;Very large scale integration}, 
doi={10.1109/VLSID.2007.177}, 
ISSN={1063-9667},}

@INPROCEEDINGS{Smo10, 
author={Smolyakov, V. and Patel, D. and Shabany, M. and Gulak, P.G.}, 
booktitle={Asilomar Conference on Signals, Systems and Computers}, 
title={{A WiMAX/LTE compliant FPGA implementation of a high-throughput low-complexity 4x4 64-QAM soft MIMO receiver}}, 
month={November},
year={2010}, 
pages={385-389}, 
keywords={Long Term Evolution;MIMO communication;WiMax;decoding;field programmable gate arrays;quadrature amplitude modulation;radio receivers;rapid prototyping (industrial);telecommunication standards;turbo codes;64-QAM soft MIMO receiver;FPGA;IEEE 802.16m broadband wireless standards;K-Best MIMO detector;LTE;Long Term Evolution;MATLAB;WiMAX;channel matrix QR decomposition;constellation order;convolutional turbo code decoder;field programmable gate arrays;frequency 125 MHz;pipelined architecture;quadrature amplitude modulation;rapid prototyping platform;slice registers;Computer architecture;Decoding;Detectors;Field programmable gate arrays;MIMO;Matrix decomposition;Receivers;802.16m;Architecture and Implementation: 1. Programmable and Reconfigurable Architectures - MIMO receiver;CTC decoder;FPGA;LTE Advanced;OFDM;QR decomposition;Soft-output K-Best detector;VLSI}, 
doi={10.1109/ACSSC.2010.5757541}, 
ISSN={1058-6393},}

@INPROCEEDINGS{Stu07, 
author={Studer, C. and Blosch, P. and Friedli, P. and Burg, A.}, 
booktitle={Asilomar Conference on Signals, Systems and Computers}, 
title={{Matrix Decomposition Architecture for MIMO Systems: Design and Implementation Trade-offs}}, 
month={November},
year={2007}, 
pages={1986-1990}, 
keywords={CMOS integrated circuits;MIMO communication;singular value decomposition;CMOS technology;MIMO systems;QR decomposition;channel-matrix preprocessing;matrix decomposition architecture;multiple-input multiple-output communication systems;singular value decomposition;size 0.18 mum;Array signal processing;CMOS technology;Computer architecture;Hardware;MIMO;Matrix decomposition;Signal processing algorithms;Singular value decomposition;Systolic arrays;Throughput}, 
doi={10.1109/ACSSC.2007.4487584}, 
ISSN={1058-6393},}

@ARTICLE{Sun12, 
author={Yang Sun and Cavallaro, J.R.}, 
journal={IEEE Transactions on Signal Processing}, 
title={{Trellis-Search Based Soft-Input Soft-Output MIMO Detector: Algorithm and VLSI Architecture}}, 
month={May},
year={2012}, 
volume={60}, 
number={5}, 
pages={2617-2627}, 
keywords={MIMO communication;VLSI;computational complexity;iterative methods;parallel processing;radio receivers;radio transmitters;LLR values;TSMC technology;VLSI architecture;approximate log-MAP algorithm;exponential terms;iterative multiple-input multiple-output receivers;log-likelihood ratio values;parallel processing;search complexity;search space;transmitted MIMO signal;trellis-search-based soft-input soft-output MIMO detector;very large scale integration architecture;Approximation algorithms;Detection algorithms;Detectors;MIMO;Transmitting antennas;Vectors;Very large scale integration;ASIC;MIMO algorithm;VLSI;soft-input soft-output MIMO detection;trellis-search algorithm}, 
doi={10.1109/TSP.2012.2187646}, 
ISSN={1053-587X},}

@incollection{Wan06,
  title={{A reconfigurable architecture for MIMO square root decoder}},
  author={Wang, Hongzhi and Leray, Pierre and Palicot, Jacques},
  booktitle={Reconfigurable Computing: Architectures and Applications},
  pages={317-322},
  month={March},
  year={2006},
  publisher={Springer}
}

@article{Wu13,
  title={{Approximate Matrix Inversion for High-Throughput Data Detection in the Large-Scale MIMO Uplink}},
  author={Wu, Michael and Yin, Bei and Vosoughi, Aida and Studer, Christoph and Cavallaro, Joseph R and Dick, Chris},
  journal={Proc. IEEE ISCAS},
  month={May},
  year={2013}
}

@article{Yin13,
  title={{Implementation Trade-offs for Linear Detection in Large-Scale MIMO Systems}},
  author={Yin, Bei and Wu, Michael and Studer, Christoph and Cavallaro, Joseph R and Dick, Chris},
  journal={{IEEE International Conference on Acoustics, Speech and Signal Processing}},
  year={2013},
  month={May},
  pages={2679-2683},
  doi={10.1109/ICASSP.2013.6638142},
  ISSN={1520-6149}
}

@INPROCEEDINGS{Yos08, 
author={Yoshizawa, S. and Yamauchi, Y. and Miyanaga, Y.}, 
booktitle={IEEE International Symposium on Circuits and Systems}, 
title={{A complete pipelined MMSE detection architecture in a 4x4 MIMO-OFDM receiver}}, 
month={May},
year={2008}, 
pages={2486-2489}, 
keywords={CMOS integrated circuits;MIMO communication;OFDM modulation;least mean squares methods;matrix algebra;pipeline processing;CMOS process;MIMO-OFDM receiver;VLSI architecture;frame structure;matrix inversion;pipeline processing oriented algorithms;pipelined MMSE detection architecture;Bandwidth;Circuit synthesis;Detectors;Iterative algorithms;MIMO;OFDM;Pipeline processing;Throughput;Transmitting antennas;Very large scale integration}, 
doi={10.1109/ISCAS.2008.4541960},}

%%%%%%%%%%%%%%%%%%%%%%%%%%%%%%%%%%%%%%%%%%%%%%%%%%%%%%%%%%
%                                                                   Xilinx Online Documentation
%%%%%%%%%%%%%%%%%%%%%%%%%%%%%%%%%%%%%%%%%%%%%%%%%%%%%%%%%%
@manual{xilFIRarch,
author = {},
title  = {{DSP: Designing for Optimal Results : High-Performance DSP Using Virtex-4 FPGAs}},
editiontype = {},
edition = {},
month = {December},
year = {2013},
note = {{http://www.xilinx.com/publications/archives/books/dsp.pdf}}
}

@manual{xilV7Series,
author = {},
title  = {{Xilinx 7 Series FPGAs Overview}},
editiontype = {Version'},
edition = {1.14},
month = {July},
year = {2013},
note = {{http://www.xilinx.com/support/\\documentation/data\_sheets/ds180\_7Series\_Overview.pdf}}
}

@manual{xilV7LVDS,
author = {},
title  = {{Virtex-7 T and XT FPGAs Data Sheet : DC and AC Switching Characteristics}},
editiontype = {Version},
edition = {1.18},
month = {November},
year = {2013},
note = {{http://www.xilinx.com/support/documentation/\\data\_sheets/ds183\_Virtex\_7\_Data\_Sheet.pdf}}
}

@techreport{WLAN80211ac,
     title = {{Understanding the IEEE 802.11ac Wi-Fi Standard: How to prepare the enterprise WLAN}},
     author = {Rich Watson},
     group = {},
     year = {2012},
     institution = {Meru Networks},
     month = {September},
     Date-Added = {2012-09},
     Date-Modified = {},
     note = {http://www.merunetworks.com/collateral/white-papers/2012-wp-ieee-802-11ac-understanding-enterprise-wlan-challenges.pdf}
}

%%%%%%%%%%%%%%%%%%%%%%%%%%%%%%%%%%%%%%%%%%%%%%%%%%%%%%%%%%
%                                                                   GodFathers of MIMO
%%%%%%%%%%%%%%%%%%%%%%%%%%%%%%%%%%%%%%%%%%%%%%%%%%%%%%%%%%


@article {Tel99,
author = {Telatar, Emre},
title = {{Capacity of Multi-antenna Gaussian Channels}},
journal = {European Transactions on Telecommunications},
month={September},
volume = {10},
number = {6},
publisher = {Wiley Subscription Services, Inc., A Wiley Company},
issn = {1541-8251},
url = {http://dx.doi.org/10.1002/ett.4460100604},
doi = {10.1002/ett.4460100604},
pages = {585--595},
year = {1999},
}

@ARTICLE{Ala98, 
author={Alamouti, S.}, 
journal={IEEE Journal on Selected Areas in Communications}, title={{A Simple Transmit Diversity Technique for Wireless Communications}}, 
year={1998}, 
volume={16}, 
number={8}, 
pages={1451-1458}, 
month={August},
keywords={antenna arrays;cellular radio;computational complexity;diversity reception;receiving antennas;transmitting antennas;cellular communications;computation complexity;diversity order;maximal-ratio receiver combining;receive antenna;transmit antennas;two-branch transmit diversity;wireless communications;AWGN;Bandwidth;Base stations;Bit error rate;Diversity reception;Fading;Receiving antennas;Transmitters;Transmitting antennas;Wireless communication}, 
doi={10.1109/49.730453}, 
ISSN={0733-8716},}

@ARTICLE{Fos98,
    author = {G. J. Foschini and M. J. Gans},
    title = {{On Limits of Wireless Communications in a Fading Environment when using Multiple Antennas}},
    month={March},
    journal = {Wireless Personal Communications},
    year = {1998},
    volume = {6},
    pages = {311--335}
}

@ARTICLE{Tul05, 
author={Tulino, A.M. and Lozano, A. and Verdu, S.}, 
journal={IEEE Transactions on Information Theory}, title={{Impact of Antenna Correlation on the Capacity of Multiantenna Channels}}, 
year={2005}, 
volume={51}, 
number={7}, 
pages={2491-2509}, 
month={July},
keywords={antenna arrays;antenna theory;channel capacity;correlation theory;fading channels;matrix algebra;receiving antennas;transmitting antennas;SNR;antenna correlation impact;arbitrary signal-to-noise ratio;fading channel;multiantenna array;multiantenna channel capacity;random matrix theory;Antenna arrays;Antenna theory;Bandwidth;Channel capacity;Collaborative work;Fading;Polarization;Receiving antennas;Signal to noise ratio;Transmitting antennas;Antenna correlation;channel capacity;fading channels;multiantenna arrays;random matrices}, 
doi={10.1109/TIT.2005.850094}, 
ISSN={0018-9448},}



@ARTICLE{IEEEStd09, 
author={}, 
journal={IEEE Std P802.11n}, title={{IEEE 802.11n-2009 Standard for Information Technology - Telecommunications and Information Exchange between Systems - Local and Metropolitan Area Networks - Specific Requirements. Part 11: Wireless LAN Medium Access Control (MAC) and Physical Layer (PHY) Specifications. Amendment 4: Enhancements for Higher Throughput.}}, 
year={2000}, 
month={October}, 
volume={}, 
number={}, 
pages={}, 
keywords={Keywords: architecture, class attribute, federate, federation, federation execution, federation object model, framework, high level architecture, instance attribute, interaction class, joined federate, object class, object model template, rules, runtime infrastructure, simulation object model;}, 
doi={}, 
ISSN={},}

@INPROCEEDINGS{Bou06, 
author={Boumard, S. and Weissenfelt, M. and Huageng Chi and Nurmi, J.}, 
booktitle={International Symposium on Personal, Indoor and Mobile Radio Communications}, title={{A Wireless MIMO-STC-OFDM System Implementation}}, 
year={2006}, 
pages={1-5}, 
month={September},
keywords={4G mobile communication;MIMO communication;OFDM modulation;channel estimation;field programmable gate arrays;mobile radio;space-time codes;synchronisation;wireless channels;4G MIMO systems;ETSI BRAN channels;Elektrobit Propsim C8 hardware multi-channel emulator;OFDMA;VHDL FPGA implementations;channel estimation algorithms;field programmable gate arrays;floating-point simulations;multiple input multiple output system;orthogonal frequency division multiple access;orthogonal frequency division multiplexing;space-time coding;synchronization algorithms;wireless MIMO STC OFDM system implementation;Antenna measurements;Bit error rate;Channel estimation;Hardware;Land mobile radio;MIMO;OFDM;Radio transmitters;System testing;Transmitting antennas}, 
doi={10.1109/PIMRC.2006.254002},}

@INPROCEEDINGS{Lee07, 
author={Lee, J. R. and Ahmed, M.H.}, 
booktitle={International Symposium on Signal Processing and Information Technology}, title={{Adaptive Space-Time Coding and its Implementation in MIMO Antenna Systems}}, 
year={2007}, 
pages={425-430}, 
month={December},
keywords={MIMO communication;adaptive codes;antennas;diversity reception;multiplexing;radio links;space-time adaptive processing;space-time codes;telecommunication network reliability;wireless channels;MIMO antenna system;MIMO channel;adaptive space-time code processing;spatial diversity;spatial multiplexing gain;Adaptive arrays;Adaptive signal processing;Diversity methods;Diversity reception;MIMO;Maximum likelihood detection;Performance gain;Surface-mount technology;Switches;Throughput;MIMO antennas;Space-time coding;adaptive systems}, 
doi={10.1109/ISSPIT.2007.4458167},}

%%%%%%%%%%%%%%%%%%%%%%%%%%%%%%%%%%%%%%%%%%%%%%%%%%%%%%%%%%
%                                                  RMT Book
%%%%%%%%%%%%%%%%%%%%%%%%%%%%%%%%%%%%%%%%%%%%%%%%%%%%%%%%%%

@book{Cou11,
  title={{Random Matrix Methods for Wireless Communications}},
  author={Couillet, R. and Debbah, M.},
  isbn={9781107011632},
  lccn={2011013189},
  %series={Random Matrix Methods for Wireless Communications},
  url={http://books.google.com/books?id=\_j7pT9HjKAUC},
  year={2011},
  publisher={Cambridge University Press}
}
%%%%%%%%%%%%%%%%%%%%%%%%%%%%%%%%%%%%%%%%%%%%%%%%%%%%%%%%%%
%                                                  LTE Book
%%%%%%%%%%%%%%%%%%%%%%%%%%%%%%%%%%%%%%%%%%%%%%%%%%%%%%%%%%

@Book{LTEBook,
 author   ="Stefania Sesia, Issam Toufik, Matthew Baker",
 title    ={{LTE The UMTS Long Term Evolution: From theory to Practice}},
 publisher={{Wiley}},
 address  ={{West Sussex, United Kingdom}},
 year     =2011 }

@book{Kay98,
  title={{Fundamentals of Statistical Signal Processing: Estimation Theory}},
  author={Kay, S.M.},
  number={v. 1},
  isbn={9780133457117},
  lccn={92029495},
  series={Prentice Hall signal processing series},
  url={http://books.google.com/books?id=aFwESQAACAAJ},
  year={1998},
  publisher={Prentice-Hall PTR}
}

@book{Skl01,
  title={Digital Communications: Fundamentals and Applications},
  author={Sklar, B.},
  isbn={9780130847881},
  lccn={00007476},
  series={Prentice Hall Communications Engineering and Emerging Technologies Series},
  url={http://books.google.com/books?id=Bh4fAQAAIAAJ},
  year={2001},
  publisher={Prentice-Hall PTR}
}


@book{Gol96,
  title={{Matrix Computations}},
  author={Golub, G.H. and Van Loan, C.F.},
  isbn={9780801854149},
  lccn={96014291},
  series={Johns Hopkins Studies in the Mathematical Sciences},
  url={http://books.google.com/books?id=mlOa7wPX6OYC},
  year={1996},
  publisher={Johns Hopkins University Press}
}


@book{Str09,
  title={{Introduction to Linear Algebra 4E}},
  author={Strang, G.},
  isbn={9780980232714},
  lccn={93014092},
  url={http://books.google.com/books?id=M19gPgAACAAJ},
  year={2009},
  publisher={Wellesley-Cambridge Press}
}

@book{Mil02,
  title={{Introduction to Probability and Statistics: Principles and Applications for Engineering and the Computing Sciences}},
  author={Milton, J.S. and Arnold, J.C.},
  isbn={9780071242486},
  url={http://books.google.com/books?id=r22RQQAACAAJ},
  year={2002},
  publisher={MCGRAW-HILL Higher Education}
}

@book{boa06,
  title={{Mathematical Methods in the Physical Sciences}},
  author={Boas, M.L.},
  isbn={9780471365808},
  lccn={2005279918},
  url={http://books.google.com/books?id=lgJ0QgAACAAJ},
  year={2006},
  publisher={John Wiley \& Sons Australia, Limited}
}


%%%%%%%%%%%%%%%%%%%%%%%%%%%%%%%%%%%%%%%%%%%%%%%%%%%%%%%%%%
%                                                  WARP Project
%%%%%%%%%%%%%%%%%%%%%%%%%%%%%%%%%%%%%%%%%%%%%%%%%%%%%%%%%%

@url{warpProject,
	Title = {{WARP Project}},
	note = {{http://warpproject.org}}}

@url{EBridge,
	Title = {{Netgear Universal WiFi Adapter}},
	note = {{http://www.netgear.com/home/products/\\connected-entertainment/gaming-home-theater/WNCE2001.aspx}}}

@INPROCEEDINGS{Che05, 
author={Hou-Shin Chen and Yumin Lee and Daut, D.G.}, 
booktitle={Global Telecommunications Conference}, title={{Robust Timing Synchronization for Uplink Multi-carrier Spread-Spectrum Systems}}, 
year={2005}, 
volume={4}, 
pages={2209-2213}, 
month={December},
keywords={OFDM modulation;fading channels;multipath channels;radio links;spread spectrum communication;synchronisation;time-of-arrival estimation;timing;OFDM;base station;downlink MC-SS system;frequency offsets;multicarrier modulation;multicarrier spread-spectrum systems;multipath fading channels;synchronization techniques;timing synchronization;wireless 4G technology;Base stations;Digital video broadcasting;Downlink;Fading;Frequency synchronization;Multiaccess communication;OFDM modulation;Robustness;Spread spectrum communication;Timing}, 
doi={10.1109/GLOCOM.2005.1578056},}



@url{Irturk,
	Title = {{An Efficient FPGA Implementation of Scalable Matrix Inversion Core using QR Decomposition}},
	note = {{http://cseweb.ucsd.edu/~airturk/core/matrix\_QRD.pdf}}}


%%%%%%%%%%%%%%%%%%%%%%%%%%%%%%%%%%%%%%%%%%%%%%%%%%%%%%%%%%
%                                                  MU-MIMO OFDMA
%%%%%%%%%%%%%%%%%%%%%%%%%%%%%%%%%%%%%%%%%%%%%%%%%%%%%%%%%%

@INPROCEEDINGS{Che08, 
author={Liang-Ying Chen and Yung-Fang Chen}, 
booktitle={International Workshop on Antenna Technology: Small Antennas and Novel Metamaterials}, title={{Bit and Power Allocation for Multiuser MIMO-OFDM Systems with Subcarrier Reuse}}, 
year={2008}, 
pages={247-250}, 
month={March},
keywords={MIMO systems;OFDM modulation;error statistics;greedy algorithms;multi-access systems;singular value decomposition;bit allocation;bit error rate;data rate;multiple input multiple output system;multiuser MIMO OFDM system;multiuser greedy algorithm;orthogonal frequency division multiplexing;power allocation;singular value decomposition;spatial multiuser access;spectrum efficiency;subcarrier reuse;user transmit power;Adaptive control;Bit error rate;Interchannel interference;Interference constraints;MIMO;OFDM modulation;Power control;Programmable control;Singular value decomposition;System performance}, 
doi={10.1109/IWAT.2008.4511329},}


@INPROCEEDINGS{Ksa08, 
author={Ksairi, N. and Bianchi, P. and Ciblat, P. and Hachem, W.}, 
booktitle={International Symposium on Information Theory and Its Applications}, title={{Resource Allocation for the Downlink of OFDMA Cellular Networks and Optimization of the Reuse Factor}}, 
year={2008}, 
pages={1-6}, 
month={December},
keywords={OFDM modulation;cellular radio;frequency allocation;frequency division multiple access;optimisation;radio links;resource allocation;downlink OFDMA cellular networks;frequency reuse factor;multicell resource allocation;optimization;orthogonal frequency division multiple access;power control;Bandwidth;Base stations;Downlink;Electronic mail;Information theory;Interference;Land mobile radio cellular systems;Protection;Resource management;Transmitters}, 
doi={10.1109/ISITA.2008.4895402},}


@INPROCEEDINGS{Cha12, 
author={Charlesworth, P.B. and Allen, S.M.}, 
booktitle={Military Communications Conference}, title={{Use of Dynamic Flight Paths to Enhance Support to Priority Subscribers on a Communications UAV}}, 
year={2012}, 
pages={1-6}, 
month={October},
keywords={aircraft communication;remotely operated vehicles;MALE;airborne communications nodes;communications UAV;dynamic flight paths;future communications networks;medium altitude-long endurance;mobile subscribers;power-limited communications;priority subscribers;select locally optimum waypoints;traffic patterns;two-way radio link;Communities;Heuristic algorithms;Mobile communication;Payloads;Radio frequency;Uncertainty;Vectors}, 
doi={10.1109/MILCOM.2012.6415606}, 
ISSN={2155-7578},}

@INPROCEEDINGS{Mca12, 
author={McAuley, A. and Kant, L. and Sinkar, K. and Graff, C. and Patel, M.}, 
booktitle={Military Communications Conference}, title={{Understanding the delay and loss tradeoffs in large wireless military networks using queuing analysis and MAC models}}, 
year={2012},
month={October}, 
pages={1-6}, 
keywords={access protocols;delays;losses;military communication;quality of service;queueing theory;radio networks;routing protocols;telecommunication traffic;CNEDAT network design tool;MAC models;QoS metrics;admission control;delay tradeoffs;diverse routing protocols;end-to-end delay;large wireless military networks;loss design tradeoffs;multicast flows;multiclass unicast flow;multiinterface wireless platforms;multitier wireless military networks;network capacity;network routing;network topology;queue size configurations;queuing delay estimation;queuing design decisions;routing link costs;steady state queuing analysis;traffic rates;transmission powers;Delay;Load modeling;Quality of service;Queueing analysis;Routing;Steady-state;Time division multiple access;Network Design;QoS and Traffic Engineering;future force networks;queuing theory;system modeling}, 
doi={10.1109/MILCOM.2012.6415811}, 
ISSN={2155-7578},}



%%%@misc{temple,
%%%author = "Dr. Temple",
%%%title = "LTE Signal",
%%%howpublished = "Personal Communication",
%%%year = "2012",
%%%month = "August",
%%%note = "Provided Acquisition Data"}

@url{warpProject,
Title = {Rice University WARP Project},
note = {Http://warp.rice.edu}}


@unpublished{Pen15,
author = "Pennington, J.R. and Martin, R.K.",
title = "Throughput Preserving Physical Later Security Leveraging Inter-Block Interference",
month = May,
year = 2014,
note = "Submitted for second round of reviews"}

@misc{AvgWebSize,
  title = {The Overweight Web: Average Web Page Size is up 15% in 2014},
  howpublished = {\url{https://gigaom.com/2014/12/29/the-overweight-web-average-web-page-size-is-up-15-in-2014/}},
  note = {Accessed: 2019-01-27}
}

@book{floyd2011digital,
	title={Digital Fundamentals, 10/e},
	author={Floyd, Thomas L},
	year={2011},
	publisher={Pearson Education India}
}

@misc{rpiorg,
	title = {Raspberry PI Organization},
	howpublished = {\url{https://www.raspberrypi.org/}},
	note = {Accessed: 2019-01-27}
}




@misc{arduinoref,
	title = {Arduino Website},
	howpublished = {\url{https://www.arduino.cc/}},
	note = {Accessed: 2019-01-27}
}


@book{furber1996arm,
	title={ARM system Architecture},
	author={Furber, Stephen Bo and Furber, Stephen B},
	year={1996},
	publisher={Addison-Wesley Menlo Park}
}

@article{wifistd,
	title={IEEE Standard for Information technology-Telecommunications and information exchange between systems-Local and metropolitan area networks-Specific requirements Part 11: Wireless LAN Medium Access Control (MAC) and Physical Layer (PHY) Specifications},
	author={IEEE Computer Society LAN/MAN Standards Committee and others},
	journal={IEEE Std 802.11\^{}},
	year={2007}
}


@article{risvref,
	title={The rocket chip generator},
	author={Asanovic, Krste and Avizienis, Rimas and Bachrach, Jonathan and Beamer, Scott and Biancolin, David and Celio, Christopher and Cook, Henry and Dabbelt, Daniel and Hauser, John and Izraelevitz, Adam and others},
	journal={EECS Department, University of California, Berkeley, Tech. Rep. UCB/EECS-2016-17},
	year={2016}
}


@inproceedings{mipsopensrc,
	title={ArchC: A SystemC-based architecture description language},
	author={Rigo, Sandro and Araujo, Guido and Bartholomeu, Marcus and Azevedo, Rodolfo},
	booktitle={16th Symposium on Computer Architecture and High Performance Computing},
	pages={66--73},
	year={2004},
	organization={IEEE}
}


@book{mipsref,
	title={Mips risc architecture},
	author={Kane, Gerry and Heinrich, Joe},
	volume={1},
	year={1992},
	publisher={Prentice Hall Englewood Cliffs, NJ}
}

@inproceedings{arduspec,
	title={A review of Arduino board's, Lilypad's \& Arduino shields},
	author={Nayyar, Anand and Puri, Vikram},
	booktitle={Computing for Sustainable Global Development (INDIACom), 2016 3rd International Conference on},
	pages={1485--1492},
	year={2016},
	organization={IEEE}
}

@book{rpispec,
	title={Raspberry Pi user guide},
	author={Upton, Eben and Halfacree, Gareth},
	year={2014},
	publisher={John Wiley \& Sons}
}

@misc{cliteshow,
	title = {Create your own musical light show with Raspberry Pi},
	howpublished = {\url{https://opensource.com/life/15/2/music-light-show-with-raspberry-pi}},
	note = {Accessed: 2019-02-01}
}

@misc{facepunch,
	title = {facepunch: the facial recognition punch clock},
	howpublished = {\url{https://www.raspberrypi.org/blog/facepunch-facial-recognition/}},
	note = {Accessed: 2019-02-01}
}



@misc{atarispec,
	title = {Atari 2600 History},
	howpublished = {\url{https://atariage.com/2600/}},
	note = {Accessed: 2019-02-01}
}

@misc{stocktick,
	title = {Make Your Own Raspberry Pi Scrolling News Ticker},
	howpublished = {\url{https://blog.adafruit.com/2016/08/26/make-your-own-raspberry-pi-scrolling-news-ticker-piday-raspberrypi-raspberry-pi/}},
	note = {Accessed: 2019-02-01}
}


@misc{amzecho,
	title = {Setup Raspberry PI as Amazon Echo},
	howpublished = {\url{https://developer.amazon.com/docs/alexa-voice-service/set-up-raspberry-pi.html}},
	note = {Accessed: 2019-02-01}
}

@misc{pispidev,
	title = {Raspberry PI SPI Driver},
	howpublished = {\url{https://github.com/doceme/py-spidev}},
	note = {Accessed: 2019-02-01}
}


@misc{scipyref,
	title = {Sci Py Cookbook : Applying a FIR filter},
	howpublished = {\url{https://scipy-cookbook.readthedocs.io/items/ApplyFIRFilter.html}},
	note = {Accessed: 2019-02-01}
}

@misc{uvmref,
	title = {Universal Verification Methodology},
	howpublished = {\url{https://www.mentor.com/products/fv/uvm}},
	note = {Accessed: 2019-02-01}
}

@book{sysvref,
	title={Assertion-based design},
	author={Foster, Harry D and Krolnik, Adam C and Lacey, David J},
	year={2004},
	publisher={Springer Science \& Business Media}
}


@misc{xiltclug,
	title = {Vivado Design Suite Tcl Command Reference Guide},
	howpublished = {\url{https://www.xilinx.com/support/documentation/sw\_manuals/xil inx2018\_1/ug835-vivado-tcl-commands.pdf}},
	note = {Accessed: 2019-02-03}
}

@misc{cstd,
	title = {ISO/IEC 9899:2011 Information technology -- Programming languages -- C},
	howpublished = {\url{https://www.iso.org/standard/57853.html}},
	note = {Accessed: 2019-02-04}
}

@misc{pyref,
	title = {The Python Standard Library},
	howpublished = {\url{https://docs.python.org/3/library/}},
	note = {Accessed: 2019-02-04}
}


@misc{juliaref,
	title = {Julia 1.1 Documentation},
	howpublished = {\url{https://docs.julialang.org/en/v1/}},
	note = {Accessed: 2019-02-04}
}


@misc{pcieref,
	title = {PCIe Overview},
	howpublished = {\url{http://www.ni.com/white-paper/3767/en/}},
	note = {Accessed: 2019-02-07}
}

@misc{usbref,
	title = {USB 3.0 Promoter Group Announces USB 3.2 Update},
	howpublished = {\url{http://www.usb.com/}},
	note = {Accessed: 2017-07-27}
}

@misc{usbproto,
	title = {Universal Serial Bus 3.0 Specification},
	howpublished = {\url{http://www.usb3.com/whitepapers/USB\%203\%200\%20(11132008)-final.pdf}},
	note = {Accessed: 2017-07-27}
}

@article{jung2011react,
	 title={REACT: Rate adaptation using coherence time in 802.11 WLANs},
	 author={Jung, Hakyung and Cho, Kideok and Choi, Yanghee and others},
	 journal={Computer Communications},
	 volume={34},
	 number={11},
	 pages={1316--1327},
	 year={2011},
	 publisher={Elsevier}
}
